@ARTICLE{Ma_1995,
   author = {{Ma}, C.-P. and {Bertschinger}, E.},
    title = "{Cosmological Perturbation Theory in the Synchronous and Conformal Newtonian Gauges}",
  journal = {\apj},
   eprint = {astro-ph/9506072},
 keywords = {COSMOLOGY: COSMIC MICROWAVE BACKGROUND, COSMOLOGY: THEORY, COSMOLOGY: LARGE-SCALE STRUCTURE OF UNIVERSE, GRAVITATION, COSMOLOGY: DARK MATTER, ELEMENTARY PARTICLES},
     year = 1995,
    month = dec,
   volume = 455,
    pages = {7},
      doi = {10.1086/176550},
   adsurl = {http://adsabs.harvard.edu/abs/1995ApJ...455....7M},
  adsnote = {Provided by the SAO/NASA Astrophysics Data System}
}

@ARTICLE{Bird_2012,
   author = {{Bird}, S. and {Viel}, M. and {Haehnelt}, M.~G.},
    title = "{Massive neutrinos and the non-linear matter power spectrum}",
  journal = {\mnras},
archivePrefix = "arXiv",
   eprint = {1109.4416},
 primaryClass = "astro-ph.CO",
 keywords = {neutrinos, dark matter, large-scale structure of Universe},
     year = 2012,
    month = jan,
    pages = {2175},
      doi = {10.1111/j.1365-2966.2011.20222.x},
   adsurl = {http://adsabs.harvard.edu/abs/2012MNRAS.tmp.2175B},
  adsnote = {Provided by the SAO/NASA Astrophysics Data System}
}

@ARTICLE{Vega1,
   author = {{de Vega}, H.~J. and {Sanchez}, N.~G.},
    title = "{Cosmological evolution of warm dark matter fluctuations. I. Efficient computational framework with Volterra integral equations}",
  journal = {\prd},
archivePrefix = "arXiv",
   eprint = {1111.0290},
 primaryClass = "astro-ph.CO",
 keywords = {Cosmology, Dark matter, Particle-theory and field-theory models of the early Universe},
     year = 2012,
    month = feb,
   volume = 85,
   number = 4,
      eid = {043516},
    pages = {043516},
      doi = {10.1103/PhysRevD.85.043516},
   adsurl = {http://adsabs.harvard.edu/abs/2012PhRvD..85d3516D},
  adsnote = {Provided by the SAO/NASA Astrophysics Data System}
}

@ARTICLE{Vega2,
   author = {{de Vega}, H.~J. and {Sanchez}, N.~G.},
    title = "{Cosmological evolution of warm dark matter fluctuations. II. Solution from small to large scales and keV sterile neutrinos}",
  journal = {\prd},
archivePrefix = "arXiv",
   eprint = {1111.0300},
 primaryClass = "astro-ph.CO",
 keywords = {Cosmology, Dark matter, Particle-theory and field-theory models of the early Universe},
     year = 2012,
    month = feb,
   volume = 85,
   number = 4,
      eid = {043517},
    pages = {043517},
      doi = {10.1103/PhysRevD.85.043517},
   adsurl = {http://adsabs.harvard.edu/abs/2012PhRvD..85d3517D},
  adsnote = {Provided by the SAO/NASA Astrophysics Data System}
}

% title = "{A Line-of-Sight Integration Approach to Cosmic Microwave Background Anisotropies}",
@ARTICLE{CMBFAST,
   author = {{Seljak}, U. and {Zaldarriaga}, M.},
   journal = {\apj},
   eprint = {astro-ph/9603033},
   year = 1996,
   volume = 469,
   adsurl = {http://adsabs.harvard.edu/abs/1996ApJ...469..437S},
   pages = {437}
}

% title = "{Massive neutrinos and cosmology}",
@ARTICLE{Lesgourgues_2006,
   author = {{Lesgourgues}, J. and {Pastor}, S.},
    title = "{Massive neutrinos and cosmology}",
  journal = {\physrep},
   eprint = {astro-ph/0603494},
     year = 2006,
    month = jul,
   volume = 429,
    pages = {307-379},
      doi = {10.1016/j.physrep.2006.04.001},
   adsurl = {http://adsabs.harvard.edu/abs/2006PhR...429..307L},
  adsnote = {Provided by the SAO/NASA Astrophysics Data System}
}

@ARTICLE{Edmonds,
   author = {{Edmonds}, A.~ R.~},
   year = 1996,
   journal = {\emph{Angular Momentum in Quantum Mechanics}, Princeton University Press}
}

#Matteo's neutrino code paper.
@ARTICLE{Viel_2010,
   author = {{Viel}, M. and {Haehnelt}, M.~G. and {Springel}, V.},
    title = "{The effect of neutrinos on the matter distribution as probed by the intergalactic medium}",
  journal = {\jcap},
archivePrefix = "arXiv",
   eprint = {1003.2422},
 primaryClass = "astro-ph.CO",
     year = 2010,
    month = jun,
   volume = 6,
    pages = {15-+},
      doi = {10.1088/1475-7516/2010/06/015},
   adsurl = {http://adsabs.harvard.edu/abs/2010JCAP...06..015V},
  adsnote = {Provided by the SAO/NASA Astrophysics Data System}
}

% title = "{Neutrino Mass in Cosmology: Status and Prospects}",
@ARTICLE{Wong_review,
   author = {{Wong}, Y.~Y.~Y.},
  journal = {Annual Review of Nuclear and Particle Science},
     year = 2011,
    month = nov,
   volume = 61,
    pages = {69-98},
     eprint = {1111.1436},
   adsurl = {http://adsabs.harvard.edu/abs/2011ARNPS..61...69W},
}

% title = "{Can we measure the neutrino mass hierarchy in the sky?}",
@ARTICLE{Jimenez,
   author = {{Jimenez}, R. and {Kitching}, T. and {Pe{\~n}a-Garay}, C. and
	{Verde}, L.},
     journal = {\jcap},
     year = 2010,
   volume = 5,
    pages = {35},
   eprint = {1003.5918},
   adsurl = {http://adsabs.harvard.edu/abs/2010JCAP...05..035J},
}

% title = "{Evolution of cosmological dark matter perturbations}",
@ARTICLE{CAMB_neutrinos,
   author = {{Lewis}, A. and {Challinor}, A.},
  journal = {\prd},
     year = 2002,
   volume = 66,
   number = 2,
    pages = {023531},
   eprint = {astro-ph/0203507},
   adsurl = {http://adsabs.harvard.edu/abs/2002PhRvD..66b3531L},
}

%  title = "{The Cosmic Linear Anisotropy Solving System (CLASS) IV: efficient implementation of non-cold relics}",
@ARTICLE{CLASS_neutrinos,
   author = {{Lesgourgues}, J. and {Tram}, T.},
  journal = {\jcap},
   eprint = {1104.2935},
   adsurl = {http://adsabs.harvard.edu/abs/2011JCAP...09..032L},
     year = 2011,
   volume = 9,
    pages = {32}
}

% title = "{Discreteness effects in simulations of hot/warm dark matter}",
@ARTICLE{Wang_White_07,
   author = {{Wang}, J. and {White}, S.~D.~M.},
  journal = {\mnras},
     year = 2007,
     volume = 380,
    pages = {93-103},
   eprint = {astro-ph/0702575},
   adsurl = {http://adsabs.harvard.edu/abs/2007MNRAS.380...93W},
}

% title = "{Massive neutrinos and the large-scale structure of the universe}",
@ARTICLE{Bond_1980,
   author = {{Bond}, J.~R. and {Efstathiou}, G. and {Silk}, J.},
   journal = {Physical Review Letters},
    year = 1980,
    volume = 45,
    pages = {1980-1984},
  adsurl = {http://adsabs.harvard.edu/abs/1980PhRvL..45.1980B},
}

% title = "{The collisionless damping of density fluctuations in an expanding universe}",
@ARTICLE{Bond_Szalay_1983,
   author = {{Bond}, J.~R. and {Szalay}, A.~S.},
  journal = {\apj},
      year = 1983,
     volume = 274,
    pages = {443-468},
   adsurl = {http://adsabs.harvard.edu/abs/1983ApJ...274..443B},
}

% title = "{Cosmological and astrophysical neutrino mass measurements}",
@ARTICLE{Abazajian,
   author = {{Abazajian}, K.~N. and others},
    journal = {Astroparticle Physics},
     year = 2011,
   volume = 35,
   adsurl = {http://adsabs.harvard.edu/abs/2011APh....35..177A},
   eprint = {1103.5083},
    pages = {177-184}
}

% title = "{The Influence of Baryons on the Clustering of Matter and Weak-Lensing Surveys}",
@ARTICLE{Jing_Zhang_06,
   author = {{Jing}, Y.~P. and {Zhang}, P. and {Lin}, W.~P. and {Gao}, L. and
	{Springel}, V.},
  journal = {\apjl},
  eprint = {astro-ph/0512426},
 adsurl = {http://adsabs.harvard.edu/abs/2006ApJ...640L.119J},
      year = 2006,
      volume = 640,
    pages = {L119-L122}
}

% title = "{Seven-year Wilkinson Microwave Anisotropy Probe (WMAP) Observations: Cosmological Interpretation}",
@ARTICLE{WMAP7,
   author = {{Komatsu}, E. and others},
   journal = {\apjs},
   eprint = {1001.4538},
   adsurl = {http://adsabs.harvard.edu/abs/2011ApJS..192...18K},
     year = 2011,
    volume = 192,
     pages = {18}
}
%   title = "{The Scientific Programme of Planck}",
@ARTICLE{Planck,
   author = {{Planck Collaboration}},
   eprint = {astro-ph/0604069},
    journal= "ESA-SCI",
     year = 2005,
    month = jan,
   adsurl = {http://adsabs.harvard.edu/abs/2006astro.ph..4069T},
}

%   title = "{N-body simulations of gravitational dynamics}",
@ARTICLE{Nbody,
   author = {{Dehnen}, W. and {Read}, J.~I.},
   journal = {European Physical Journal Plus},
   eprint = {1105.1082},
  adsurl = {http://adsabs.harvard.edu/abs/2011EPJP..126...55D},
     year = 2011,
      volume = 126,
    pages = {55}
}

% title = "{The impact of massive neutrinos on the abundance of massive clusters}",
@ARTICLE{Ichiki_Takada_2011,
   author = {{Ichiki}, K. and {Takada}, M.},
     journal = {ArXiv e-prints},
archivePrefix = "arXiv",
   eprint = {1108.4688},
     year = 2011
}

% title = "{Impact of Massive Neutrinos on the Nonlinear Matter Power Spectrum}",
@ARTICLE{Saito_2008,
   author = {{Saito}, S. and {Takada}, M. and {Taruya}, A.},
      journal = {Physical Review Letters},
     year = 2008,
   volume = 100,
   adsurl = {http://adsabs.harvard.edu/abs/2008PhRvL.100s1301S},
   eprint = {0801.0607},
    pages = {191301}
}

% title = "{Nonlinear power spectrum in the presence of massive neutrinos: Perturbation theory approach, galaxy bias, and parameter forecasts}",
@ARTICLE{Saito_2009,
   author = {{Saito}, S. and {Takada}, M. and {Taruya}, A.},
     journal = {\prd},
     year = 2009,
   eprint = {0907.2922},
   adsurl = {http://adsabs.harvard.edu/abs/2009PhRvD..80h3528S},
   volume = 80,
    pages = {083528}
}

% title = "{Neutrino mass constraint from the Sloan Digital Sky Survey power spectrum of luminous red galaxies and perturbation theory}",
@ARTICLE{Saito_21011,
   author = {{Saito}, S. and {Takada}, M. and {Taruya}, A.},
  journal = {\prd},
     year = 2011,
   volume = 83,
   eprint = {1006.4845},
   adsurl = {http://adsabs.harvard.edu/abs/2011PhRvD..83d3529S},
    pages = {043529}
}

%  title = "{Non-linear power spectrum including massive neutrinos: the time-RG flow approach}",
@ARTICLE{Lesgourgues_2009,
   author = {{Lesgourgues}, J. and {Matarrese}, S. and {Pietroni}, M. and
	{Riotto}, A.},
     journal = {\jcap},
     year = 2009,
   volume = 6,
   eprint = {0901.4550},
   adsurl = {http://adsabs.harvard.edu/abs/2009JCAP...06..017L},
    pages = {17}
}

% title = "{Nonlinear cosmological matter power spectrum with massive neutrinos: The halo model}",
@ARTICLE{Abazajian_Switzer_2005,
   author = {{Abazajian}, K. and {Switzer}, E.~R. and {Dodelson}, S. and
	{Heitmann}, K. and {Habib}, S.},
      journal = {\prd},
     year = 2005,
   volume = 71,
   eprint = {astro-ph/0411552},
   adsurl = {http://adsabs.harvard.edu/abs/2005PhRvD..71d3507A},
    pages = {043507}
}

%  title = "{Dissipationless clustering of neutrinos around a cosmic-string loop}",
@ARTICLE{Brandenberger_1987,
   author = {{Brandenberger}, R. and {Kaiser}, N. and {Turok}, N.},
    journal = {\prd},
     year = 1987,
   volume = 36,
   adsurl = {http://adsabs.harvard.edu/abs/1987PhRvD..36.2242B},
    pages = {2242-2249}
}

% title = "{Neutrino clustering in cold dark matter halos: Implications for ultrahigh energy cosmic rays}",
@ARTICLE{Singh_Ma_2003,
   author = {{Singh}, S. and {Ma}, C.-P.},
    journal = {\prd},
     year = 2003,
   volume = 67,
   eprint = {astro-ph/0208419},
   adsurl = {http://adsabs.harvard.edu/abs/2003PhRvD..67b3506S},
    pages = {023506}
}


#Hybrid grid/particle code
@ARTICLE{Brandbyge_2010,
   author = {{Brandbyge}, J. and {Hannestad}, S.},
    title = "{Resolving cosmic neutrino structure: a hybrid neutrino N-body scheme}",
  journal = {\jcap},
   eprint = {0908.1969},
     year = 2010,
    month = jan,
   volume = 1,
    pages = {21-+},
   adsurl = {http://adsabs.harvard.edu/abs/2010JCAP...01..021B},
}

#Grid based code
@ARTICLE{Brandbyge_2009,
   author = {{Brandbyge}, J. and {Hannestad}, S.},
    title = "{Grid based linear neutrino perturbations in cosmological N-body simulations}",
  journal = {\jcap},
   eprint = {0812.3149},
     year = 2009,
    month = may,
   volume = 5,
    pages = {2-+},
   adsurl = {http://adsabs.harvard.edu/abs/2009JCAP...05..002B},
}

#Particle based code
@ARTICLE{Brandbyge_2008,
   author = {{Brandbyge}, J. and {Hannestad}, S. and {Haugb{\o}lle}, T. and
	{Thomsen}, B.},
    title = "{The effect of thermal neutrino motion on the non-linear cosmological matter power spectrum}",
  journal = {\jcap},
   eprint = {0802.3700},
     year = 2008,
    month = aug,
   volume = 8,
    pages = {20-+},
   adsurl = {http://adsabs.harvard.edu/abs/2008JCAP...08..020B},
}

#Underlying physics of the neutrino effect
@ARTICLE{Hannestad_2005,
   author = {{Hannestad}, S. and {Ringwald}, A. and {Tu}, H. and {Wong}, Y.~Y.~Y.
	},
    title = "{Is it possible to tell the difference between fermionic and bosonic hot dark matter?}",
  journal = {\jcap},
   eprint = {astro-ph/0507544},
     year = 2005,
    month = sep,
   volume = 9,
    pages = {14-+},
   adsurl = {http://adsabs.harvard.edu/abs/2005JCAP...09..014H},
}

% title = "{The Structure of Cold Dark Matter Halos}",
@ARTICLE{NFW,
   author = {{Navarro}, J.~F. and {Frenk}, C.~S. and {White}, S.~D.~M.},
   journal = {\apj},
   year = 1996,
   volume = 462,
    pages = {563}
}

% title = "{Deriving the Nonlinear Cosmological Power Spectrum and Bispectrum from Analytic Dark Matter Halo Profiles and Mass Functions}",
@ARTICLE{Ma_Fry_2000,
   author = {{Ma}, C.-P. and {Fry}, J.~N.},
     journal = {\apj},
       year = 2000,
   volume = 543,
   eprint = {astro-ph/0003343},
   adsurl = {http://adsabs.harvard.edu/abs/2000ApJ...543..503M},
    pages = {503-513}
}

%    title = "{Status of global fits to neutrino oscillations}",
@ARTICLE{Oscillations,
   author = {{Maltoni}, M. and {Schwetz}, T. and {T{\'o}rtola}, M. and {Valle}, J.~W.~F.},
  journal = {New Journal of Physics},
     year = 2004,
   volume = 6,
   eprint = {hep-ph/0405172},
   adsurl = {http://adsabs.harvard.edu/abs/2004NJPh....6..122M},
    pages = {122}
}

% title = "{Gravitational clustering of relic neutrinos and implications for their detection}",
@ARTICLE{Ringwald_Wong_2004,
   author = {{Ringwald}, A. and {Wong}, Y.~Y.~Y.},
   journal = {\jcap},
   year = 2004,
   volume = 12,
   eprint = {hep-ph/0408241},
   adsurl = {http://adsabs.harvard.edu/abs/2004JCAP...12..005R},
   pages = {5}
}

@ARTICLE{Springel_2005,
   author = {{Springel}, V.},
    title = "{The cosmological simulation code GADGET-2}",
  journal = {\mnras},
    year = 2005,
    volume = 364,
   eprint = {astro-ph/0206393},
   adsurl = {http://adsabs.harvard.edu/abs/2003MNRAS.339..289S},
    pages = {1105-1134}
}

@BOOK{Weinberg_book,
   author = {{Weinberg}, S.},
    title = {\emph{Cosmology}},
booktitle = {Cosmology, by Steven Weinberg.~ISBN 978-0-19-852682-7.~Published by Oxford University Press, Oxford, UK, 2008.},
     year = 2008,
publisher = {Oxford University Press}
}

% title = "{An Integral Equation for the Development of Irregularities in an Expanding Universe}",
@ARTICLE{Gilbert_1966,
   author = {{Gilbert}, I.~H.},
      journal = {\apj},
     year = 1966,
      volume = 144,
      adsurl = {http://adsabs.harvard.edu/abs/1966ApJ...144..233G},
    pages = {233}
}
% title = "{Galaxy formation with cosmic strings and massive neutrinos}",
@ARTICLE{Bertschinger_Watts_1988,
   author = {{Bertschinger}, E. and {Watts}, P.~N.},
    journal = {\apj},
    year = 1988,
    volume = 328,
    adsurl = {http://adsabs.harvard.edu/abs/1988ApJ...328...23B},
    pages = {23-33}
}

@BOOK{Bessel,
  author = {Weisstein, Eric W.},
  year = 2012,
  title = {\emph{Spherical Bessel Function of the First Kind}},
  publisher = {From MathWorld--A Wolfram Web Resource}
}

@BOOK{Legendre,
  author = {Weisstein, Eric W.},
  year = 2012,
  title = {\emph{Legendre Polynomial}},
  publisher = {From MathWorld--A Wolfram Web Resource}
}

%title = "{Analytic model for galaxy and dark matter clustering}",
@ARTICLE{Seljak_2000,
   author = {{Seljak}, U.},
  journal = {\mnras},
      year = 2000,
      volume = 318,
      eprint = {astro-ph/0001493},
      adsurl = {http://adsabs.harvard.edu/abs/2000MNRAS.318..203S},
    pages = {203-213}
}


%Lya flux power
@ARTICLE{Theuns_1998,
   author = {{Theuns}, T. and {Leonard}, A. and {Efstathiou}, G. and {Pearce}, F.~R. and
	{Thomas}, P.~A.},
    title = "{P\^{}3M-SPH simulations of the Lyalpha forest}",
  journal = {\mnras},
   eprint = {astro-ph/9805119},
     year = 1998,
    month = dec,
   volume = 301,
    pages = {478-502},
   adsurl = {http://adsabs.harvard.edu/abs/1998MNRAS.301..478T},
}

@ARTICLE{Scoccimarro_1998,
   author = {{Scoccimarro}, R.},
    title = "{Transients from initial conditions: a perturbative analysis}",
  journal = {\mnras},
   eprint = {astro-ph/9711187},
     year = 1998,
    month = oct,
   volume = 299,
    pages = {1097-1118},
   adsurl = {http://adsabs.harvard.edu/abs/1998MNRAS.299.1097S},
}

@ARTICLE{Bird_2011,
   author = {{Bird}, S. and {Peiris}, H.~V. and {Viel}, M. and {Verde}, L.
	},
    title = "{Minimally parametric power spectrum reconstruction from the Lyman {$\alpha$} forest}",
  journal = {\mnras},
   eprint = {1010.1519},
     year = 2011,
    month = may,
   volume = 413,
    pages = {1717-1728},
   adsurl = {http://adsabs.harvard.edu/abs/2011MNRAS.413.1717B},
}

@ARTICLE{Paco_2011,
   author = {{Villaescusa-Navarro}, F. and {Miralda-Escud{\'e}}, J. and {Pe{\~n}a-Garay}, C. and
	{Quilis}, V.},
    title = "{Neutrino halos in clusters of galaxies and their weak lensing signature}",
  journal = {\jcap},
   eprint = {1104.4770},
     year = 2011,
    month = jun,
   volume = 6,
    pages = {27},
   adsurl = {http://adsabs.harvard.edu/abs/2011JCAP...06..027V},
}

#Forecasts for future surveys
@Article{Wang_2005,
     author    = "Wang, Sheng and Haiman, Zoltan and Hu, Wayne and Khoury,
                  Justin and May, Morgan",
     title     = "{Weighing Neutrinos with Galaxy Cluster Surveys}",
     journal   = "Phys. Rev. Lett.",
     volume    = "95",
     year      = "2005",
     pages     = "011302",
     eprint    = "astro-ph/0505390",
     adsurl = {http://adsabs.harvard.edu/abs/2005PhRvL..95a1302W},
}

@Article{Vallinotto_2009,
     author    = "Vallinotto, Alberto and Viel, Matteo and Das, Sudeep and
                  Spergel, David N.",
     title     = "{Cross-correlations of the Lyman-alpha forest with weak
                  lensing convergence I: Analytical Estimates of S/N and
                  Implications for Neutrino Mass and Dark Energy}",
     year      = "2009",
     eprint    = "0910.4125",
     journal = {\apj},
     adsurl = {http://adsabs.harvard.edu/abs/2011ApJ...735...38V},
}

@Article{Gratton_2007,
     author    = "Gratton, Steven and Lewis, Antony and Efstathiou, George",
     title     = "{Prospects for Constraining Neutrino Mass Using Planck and
                  Lyman-Alpha   Forest Data}",
     journal   = "Phys. Rev.",
     volume    = "D77",
     year      = "2008",
     pages     = "083507",
     eprint    = "0705.3100",
     adsurl = {http://adsabs.harvard.edu/abs/2008PhRvD..77h3507G},
}

@ARTICLE{Kaplinghat_2003,
   author = {{Kaplinghat}, M. and {Knox}, L. and {Song}, Y.-S.},
    title = "{Determining Neutrino Mass from the Cosmic Microwave Background Alone}",
  journal = {Physical Review Letters},
   eprint = {astro-ph/0303344},
     year = 2003,
    month = dec,
   volume = 91,
   number = 24,
    pages = {241301-+},
   adsurl = {http://adsabs.harvard.edu/abs/2003PhRvL..91x1301K},
}

@ARTICLE{Cooray_1999,
   author = {{Cooray}, A.~R.},
    title = "{Weighing neutrinos: weak lensing approach}",
  journal = {\aap},
   eprint = {astro-ph/9904246},
     year = 1999,
    month = aug,
   volume = 348,
    pages = {31-37},
   adsurl = {http://adsabs.harvard.edu/abs/1999AA...348...31C},
}


@INPROCEEDINGS{Euclid_2010,
   author = {{Beaulieu}, J.~P. and others },
    title = "{EUCLID: Dark Universe Probe and Microlensing Planet Hunter}",
     year = 2010,
   series = {ASP Conf. Ser.},
booktitle = {Pathways Towards Habitable Planets},
   volume = 430,
   eprint = {1001.3349},
    month = oct,
    pages = {266-+},
   adsurl = {http://adsabs.harvard.edu/abs/2010ASPC..430..266B},
}

@ARTICLE{Carbone_2011,
   author = {{Carbone}, C. and {Verde}, L. and {Wang}, Y. and {Cimatti}, A.
	},
    title = "{Neutrino constraints from future nearly all-sky spectroscopic galaxy surveys}",
  journal = {\jcap},
   eprint = {1012.2868},
     year = 2011,
    month = mar,
   volume = 3,
    pages = {30-+},
   adsurl = {http://adsabs.harvard.edu/abs/2011JCAP...03..030C},
}

@INPROCEEDINGS{Schlegel_2009,
   author = {{Schlegel}, D. and {White}, M. and {Eisenstein}, D.},
    title = "{The Baryon Oscillation Spectroscopic Survey: Precision measurement of the absolute cosmic distance scale}",
booktitle = {Astro2010, A\&A Decadal Survey.},
publisher = {National Academies Press},
     year = 2009,
   eprint = {0902.4680},
    pages = {314},
   adsurl = {http://adsabs.harvard.edu/abs/2009astro2010S.314S},
}
{Calabrese}, E. and {Cooray}, A. and
	{de Bernardis}, F. and {Dodelson}, S. and {Friedland}, A. and
	{Fuller}, G.~M. and {Hannestad}, S. and {Keating}, B.~G. and
	{Linder}, E.~V. and {Lunardini}, C. and {Melchiorri}, A. and
	{Miquel}, R. and {Pierpaoli}, E. and {Pritchard}, J. and {Serra}, P. and
	{Takada}, M. and {Wong}, Y.~Y.~Y.},

@Article{McDonald_2004data,
     author    = "McDonald, Patrick and others",
 collaboration = "SDSS",
     title     = "{The Lyman-alpha Forest Power Spectrum from the Sloan
                  Digital Sky Survey}",
     journal   = "Astrophys. J. Suppl.",
     volume    = "163",
     year      = "2006",
     pages     = "80-109",
     eprint    = "astro-ph/0405013",
     adsurl = {http://adsabs.harvard.edu/abs/2006ApJS..163...80M},
}

@ARTICLE{Wagner_2012,
   author = {{Wagner}, C. and {Verde}, L. and {Jimenez}, R.},
    title = "{Effects of the Neutrino Mass Splitting on the Nonlinear Matter Power Spectrum}",
  journal = {\apjl},
   eprint = {1203.5342},
     year = 2012,
    month = jun,
   volume = 752,
    pages = {L31},
   adsurl = {http://adsabs.harvard.edu/abs/2012ApJ...752L..31W},
}

@ARTICLE{Kraus_2005,
   author = {{Kraus}, C. and {Bornschein}, L. and {Bonn}, J. and {Bornschein}, B. and
	{Flatt}, B. and {Kovalik}, A. and {M{\"u}ller}, B. and {Otten}, E.~W. and
	{Schall}, J.~P. and {Th{\"u}mmler}, T. and {Weinheimer}, C.},
    title = "{The Mainz Neutrino Mass Experiment}",
  journal = {Nuclear Physics B Proceedings Supplements},
     year = 2005,
    month = jun,
   volume = 143,
    pages = {499-499},
   adsurl = {http://adsabs.harvard.edu/abs/2005NuPhS.143..499K},
}

@ARTICLE{Eitel_2005,
   author = {{Eitel}, K.},
    title = "{Direct Neutrino Mass Experiments}",
  journal = {Nuclear Physics B Proceedings Supplements},
     year = 2005,
    month = jun,
   volume = 143,
    pages = {197-204},
   adsurl = {http://adsabs.harvard.edu/abs/2005NuPhS.143..197E},
}

%  title = "{New Neutrino Mass Bounds from Sloan Digital Sky Survey III Data Release 8 Photometric Luminous Galaxies}",
@ARTICLE{SDSS_2012,
   author = {{de Putter}, R. and others},
    journal = {ArXiv e-prints},
   eprint = {1201.1909},
     year = 2012,
    month = jan,
   adsurl = {http://adsabs.harvard.edu/abs/2012arXiv1201.1909D},
}

%Weak lensing
@ARTICLE{Ichiki_2009,
   author = {{Ichiki}, K. and {Takada}, M. and {Takahashi}, T.},
    title = "{Constraints on neutrino masses from weak lensing}",
  journal = {\prd},
   eprint = {0810.4921},
     year = 2009,
    month = jan,
   volume = 79,
   number = 2,
    pages = {023520-+},
   adsurl = {http://adsabs.harvard.edu/abs/2009PhRvD..79b3520I},
}

@ARTICLE{Hall_2012,
   author = {{Hall}, A.~C. and {Challinor}, A.},
    title = "{Probing the neutrino mass hierarchy with cosmic microwave background weak lensing}",
  journal = {\mnras},
   eprint = {1205.6172},
     year = 2012,
    month = aug,
    pages = {3504},
   adsurl = {http://adsabs.harvard.edu/abs/2012MNRAS.tmp.3504H},
}

@ARTICLE{Seljak_2006,
   author = {{Seljak}, U. and {Slosar}, A. and {McDonald}, P.},
    title = "{Cosmological parameters from combining the Lyman-{$\alpha$} forest with CMB, galaxy clustering and SN constraints}",
  journal = {\jcap},
   eprint = {astro-ph/0604335},
     year = 2006,
    month = oct,
   volume = 10,
    pages = {14},
   adsurl = {http://adsabs.harvard.edu/abs/2006JCAP...10..014S},
}

@ARTICLE{Vikhlinin_2009,
   author = {{Vikhlinin}, A. and {Kravtsov}, A.~V. and {Burenin}, R.~A. and
	{Ebeling}, H. and {Forman}, W.~R. and {Hornstrup}, A. and {Jones}, C. and
	{Murray}, S.~S. and {Nagai}, D. and {Quintana}, H. and {Voevodkin}, A.
	},
    title = "{Chandra Cluster Cosmology Project III: Cosmological Parameter Constraints}",
  journal = {\apj},
   eprint = {0812.2720},
     year = 2009,
    month = feb,
   volume = 692,
    pages = {1060-1074},
   adsurl = {http://adsabs.harvard.edu/abs/2009ApJ...692.1060V},
}

@ARTICLE{McQuinn_2006,
   author = {{McQuinn}, M. and {Zahn}, O. and {Zaldarriaga}, M. and {Hernquist}, L. and
	{Furlanetto}, S.~R.},
    title = "{Cosmological Parameter Estimation Using 21 cm Radiation from the Epoch of Reionization}",
  journal = {\apj},
   eprint = {astro-ph/0512263},
     year = 2006,
    month = dec,
   volume = 653,
    pages = {815-834},
   adsurl = {http://adsabs.harvard.edu/abs/2006ApJ...653..815M},
}

@ARTICLE{Mao_2008,
   author = {{Mao}, Y. and {Tegmark}, M. and {McQuinn}, M. and {Zaldarriaga}, M. and
	{Zahn}, O.},
    title = "{How accurately can 21cm tomography constrain cosmology?}",
  journal = {\prd},
   eprint = {0802.1710},
     year = 2008,
    month = jul,
   volume = 78,
   number = 2,
    pages = {023529},
   adsurl = {http://adsabs.harvard.edu/abs/2008PhRvD..78b3529M},
}

@ARTICLE{Xia_2012,
   author = {{Xia}, J.-Q. and {Granett}, B.~R. and {Viel}, M. and {Bird}, S. and
	{Guzzo}, L. and {Haehnelt}, M.~G. and {Coupon}, J. and {McCracken}, H.~J. and
	{Mellier}, Y.},
    title = "{Constraints on massive neutrinos from the CFHTLS angular power spectrum}",
  journal = {\jcap},
   eprint = {1203.5105},
     year = 2012,
    month = jun,
   volume = 6,
      eid = {010},
    pages = {10},
   adsurl = {http://adsabs.harvard.edu/abs/2012JCAP...06..010X},
}

@ARTICLE{Marulli_2011,
   author = {{Marulli}, F. and {Carbone}, C. and {Viel}, M. and {Moscardini}, L. and
	{Cimatti}, A.},
    title = "{Effects of massive neutrinos on the large-scale structure of the Universe}",
  journal = {\mnras},
   eprint = {1103.0278},
     year = 2011,
    month = nov,
   volume = 418,
    pages = {346-356},
   adsurl = {http://adsabs.harvard.edu/abs/2011MNRAS.418..346M},
}

@ARTICLE{Brandbyge_2010a,
   author = {{Brandbyge}, J. and {Hannestad}, S. and {Haugb{\o}lle}, T. and
	{Wong}, Y.~Y.~Y.},
    title = "{Neutrinos in non-linear structure formation {\mdash} the effect on halo properties}",
  journal = {\jcap},
archivePrefix = "arXiv",
   eprint = {1004.4105},
 primaryClass = "astro-ph.CO",
     year = 2010,
    month = sep,
   volume = 9,
      eid = {014},
    pages = {14},
      doi = {10.1088/1475-7516/2010/09/014},
   adsurl = {http://adsabs.harvard.edu/abs/2010JCAP...09..014B},
  adsnote = {Provided by the SAO/NASA Astrophysics Data System}
}

@ARTICLE{Fogli_2012,
   author = {{Fogli}, G.~L. and {Lisi}, E. and {Marrone}, A. and {Montanino}, D. and
	{Palazzo}, A. and {Rotunno}, A.~M.},
    title = "{Global analysis of neutrino masses, mixings, and phases: Entering the era of leptonic CP violation searches}",
  journal = {\prd},
archivePrefix = "arXiv",
   eprint = {1205.5254},
 primaryClass = "hep-ph",
 keywords = {Neutrino mass and mixing, Neutrino interactions, Charge conjugation, parity, time reversal, and other discrete symmetries},
     year = 2012,
    month = jul,
   volume = 86,
   number = 1,
      eid = {013012},
    pages = {013012},
      doi = {10.1103/PhysRevD.86.013012},
   adsurl = {http://adsabs.harvard.edu/abs/2012PhRvD..86a3012F},
  adsnote = {Provided by the SAO/NASA Astrophysics Data System}
}

@ARTICLE{Gnedin_1998,
   author = {{Gnedin}, N.~Y. and {Hui}, L.},
    title = "{Probing the Universe with the Lyalpha forest - I. Hydrodynamics of the low-density intergalactic medium}",
  journal = {\mnras},
   eprint = {astro-ph/9706219},
 keywords = {HYDRODYNAMICS, METHODS: NUMERICAL, INTERGALACTIC MEDIUM, QUASARS: ABSORPTION LINES, COSMOLOGY: THEORY},
     year = 1998,
    month = may,
   volume = 296,
    pages = {44-55},
      doi = {10.1046/j.1365-8711.1998.01249.x},
   adsurl = {http://adsabs.harvard.edu/abs/1998MNRAS.296...44G},
  adsnote = {Provided by the SAO/NASA Astrophysics Data System}
}

@ARTICLE{Shoji_Komatsu_2009,
   author = {{Shoji}, M. and {Komatsu}, E.},
    title = "{Third-Order Perturbation Theory with Nonlinear Pressure}",
  journal = {\apj},
archivePrefix = "arXiv",
   eprint = {0903.2669},
 primaryClass = "astro-ph.CO",
 keywords = {cosmology: theory, large-scale structure of universe},
     year = 2009,
    month = jul,
   volume = 700,
    pages = {705-719},
      doi = {10.1088/0004-637X/700/1/705},
   adsurl = {http://adsabs.harvard.edu/abs/2009ApJ...700..705S},
  adsnote = {Provided by the SAO/NASA Astrophysics Data System}
}

@ARTICLE{Takada_Komatsu_2006,
   author = {{Takada}, M. and {Komatsu}, E. and {Futamase}, T.},
    title = "{Cosmology with high-redshift galaxy survey: Neutrino mass and inflation}",
  journal = {\prd},
   eprint = {astro-ph/0512374},
 keywords = {Superclusters; large-scale structure of the Universe, Background radiations, Particle-theory and field-theory models of the early Universe},
     year = 2006,
    month = apr,
   volume = 73,
   number = 8,
      eid = {083520},
    pages = {083520},
      doi = {10.1103/PhysRevD.73.083520},
   adsurl = {http://adsabs.harvard.edu/abs/2006PhRvD..73h3520T},
  adsnote = {Provided by the SAO/NASA Astrophysics Data System}
}

@ARTICLE{Shoji_Komatsu_2010,
   author = {{Shoji}, M. and {Komatsu}, E.},
    title = "{Massive neutrinos in cosmology: Analytic solutions and fluid approximation}",
  journal = {\prd},
 keywords = {Superclusters; large-scale structure of the Universe, Background radiations, Particle-theory and field-theory models of the early Universe},
     year = 2010,
    month = jun,
   volume = 81,
   number = 12,
      eid = {123516},
    pages = {123516},
      doi = {10.1103/PhysRevD.81.123516},
   adsurl = {http://adsabs.harvard.edu/abs/2010PhRvD..81l3516S},
  adsnote = {Provided by the SAO/NASA Astrophysics Data System}
}

@ARTICLE{Wong_2008,
   author = {{Wong}, Y.~Y.~Y.},
    title = "{Higher order corrections to the large scale matter power spectrum in the presence of massive neutrinos}",
  journal = {\jcap},
archivePrefix = "arXiv",
   eprint = {0809.0693},
     year = 2008,
    month = oct,
   volume = 10,
      eid = {035},
    pages = {35},
      doi = {10.1088/1475-7516/2008/10/035},
   adsurl = {http://adsabs.harvard.edu/abs/2008JCAP...10..035W},
  adsnote = {Provided by the SAO/NASA Astrophysics Data System}
}

@ARTICLE{Hannestad_2012,
   author = {{Hannestad}, S. and {Haugb{\o}lle}, T. and {Schultz}, C.},
    title = "{Neutrinos in non-linear structure formation {\mdash} a simple SPH approach}",
  journal = {\jcap},
archivePrefix = "arXiv",
   eprint = {1110.1257},
 primaryClass = "astro-ph.CO",
     year = 2012,
    month = feb,
   volume = 2,
      eid = {045},
    pages = {45},
      doi = {10.1088/1475-7516/2012/02/045},
   adsurl = {http://adsabs.harvard.edu/abs/2012JCAP...02..045H},
  adsnote = {Provided by the SAO/NASA Astrophysics Data System}
}

@ARTICLE{AHB,
   author = {{Ali-Ha{\"i}moud}, Y. and {Bird}, S.},
    title = "{An efficient implementation of massive neutrinos in non-linear structure formation simulations}",
  journal = {\mnras},
archivePrefix = "arXiv",
   eprint = {1209.0461},
 keywords = {neutrinos, cosmology: dark matter, cosmology: large-scale structure of Universe, cosmology: theory},
     year = 2013,
    month = feb,
   volume = 428,
    pages = {3375-3389},
      doi = {10.1093/mnras/sts286},
   adsurl = {http://adsabs.harvard.edu/abs/2013MNRAS.428.3375A},
  adsnote = {Provided by the SAO/NASA Astrophysics Data System}
}


@ARTICLE{Groth:1975,
   author = {{Groth}, E.~J. and {Peebles}, P.~J.~E.},
    title = "{Closed-form solutions for the evolution of density perturbations in some cosmological models}",
  journal = {\aap},
 keywords = {Astronomical Models, Cosmology, Density Distribution, Perturbation Theory, Linear Equations, Red Shift, Relativistic Theory},
     year = 1975,
    month = jun,
   volume = 41,
    pages = {143-145},
   adsurl = {http://adsabs.harvard.edu/abs/1975A%26A....41..143G},
  adsnote = {Provided by the SAO/NASA Astrophysics Data System}
}


@ARTICLE{Zeldovich_1970,
   author = {{Zel'dovich}, Y.~B.},
    title = "{Gravitational instability: An approximate theory for large density perturbations.}",
  journal = {\aap},
     year = 1970,
    month = mar,
   volume = 5,
    pages = {84-89},
   adsurl = {http://adsabs.harvard.edu/abs/1970A%26A.....5...84Z},
  adsnote = {Provided by the SAO/NASA Astrophysics Data System}
}


@ARTICLE{Zennaro_2017,
   author = {{Zennaro}, M. and {Bel}, J. and {Villaescusa-Navarro}, F. and
	{Carbone}, C. and {Sefusatti}, E. and {Guzzo}, L.},
    title = "{Initial conditions for accurate N-body simulations of massive neutrino cosmologies}",
  journal = {\mnras},
archivePrefix = "arXiv",
   eprint = {1605.05283},
 keywords = {methods: analytical, methods: data analysis, methods: numerical, methods: statistical, large-scale structure of Universe},
     year = 2017,
    month = apr,
   volume = 466,
    pages = {3244-3258},
      doi = {10.1093/mnras/stw3340},
   adsurl = {http://adsabs.harvard.edu/abs/2017MNRAS.466.3244Z},
  adsnote = {Provided by the SAO/NASA Astrophysics Data System}
}

@BOOK{Peebles:1993,
   author = {{Peebles}, P.~J.~E.},
    title = "{Principles of Physical Cosmology}",
booktitle = {Principles of Physical Cosmology},
    publisher = {Princeton University Press},
    ISBN ={978-0-691-01933-8},
     year = 1993,
   adsurl = {http://adsabs.harvard.edu/abs/1993ppc..book.....P},
  adsnote = {Provided by the SAO/NASA Astrophysics Data System}
}

@ARTICLE{Bouchet:1995,
   author = {{Bouchet}, F.~R. and {Colombi}, S. and {Hivon}, E. and {Juszkiewicz}, R.
	},
    title = "{Perturbative Lagrangian approach to gravitational instability.}",
  journal = {\aap},
   eprint = {astro-ph/9406013},
 keywords = {COSMOLOGY: THEORY, LARGE SCALE STRUCTURE OF UNIVERSE, METHODS: NUMERICAL AND ANALYTICAL},
     year = 1995,
    month = apr,
   volume = 296,
    pages = {575},
   adsurl = {http://adsabs.harvard.edu/abs/1995A%26A...296..575B},
  adsnote = {Provided by the SAO/NASA Astrophysics Data System}
}


@ARTICLE{YAHSB,
   author = {{Ali-Ha{\"i}moud}, Y. and {Bird}, S.},
    title = "{An efficient implementation of massive neutrinos in non-linear structure formation simulations}",
  journal = {\mnras},
archivePrefix = "arXiv",
   eprint = {1209.0461},
 keywords = {neutrinos, cosmology: dark matter, cosmology: large-scale structure of Universe, cosmology: theory},
     year = 2013,
    month = feb,
   volume = 428,
    pages = {3375-3389},
      doi = {10.1093/mnras/sts286},
   adsurl = {http://adsabs.harvard.edu/abs/2013MNRAS.428.3375A},
  adsnote = {Provided by the SAO/NASA Astrophysics Data System}
}


@ARTICLE{Beutler_2014,
   author = {{Beutler}, F. and {Saito}, S. and {Brownstein}, J.~R. and {Chuang}, C.-H. and
	{Cuesta}, A.~J. and {Percival}, W.~J. and {Ross}, A.~J. and
	{Ross}, N.~P. and {Schneider}, D.~P. and {Samushia}, L. and
	{S{\'a}nchez}, A.~G. and {Seo}, H.-J. and {Tinker}, J.~L. and
	{Wagner}, C. and {Weaver}, B.~A.},
    title = "{The clustering of galaxies in the SDSS-III Baryon Oscillation Spectroscopic Survey: signs of neutrino mass in current cosmological data sets}",
  journal = {\mnras},
archivePrefix = "arXiv",
   eprint = {1403.4599},
 keywords = {surveys, cosmological parameters, cosmology: observations, large-scale structure of Universe},
     year = 2014,
    month = nov,
   volume = 444,
    pages = {3501-3516},
      doi = {10.1093/mnras/stu1702},
   adsurl = {http://adsabs.harvard.edu/abs/2014MNRAS.444.3501B},
  adsnote = {Provided by the SAO/NASA Astrophysics Data System}
}


@ARTICLE{Feng_2016,
   author = {{Feng}, Y. and {Di-Matteo}, T. and {Croft}, R.~A. and {Bird}, S. and
	{Battaglia}, N. and {Wilkins}, S.},
    title = "{The BlueTides simulation: first galaxies and reionization}",
  journal = {\mnras},
archivePrefix = "arXiv",
   eprint = {1504.06619},
 keywords = {Galaxy: formation, dark ages, reionization, first stars},
     year = 2016,
    month = jan,
   volume = 455,
    pages = {2778-2791},
      doi = {10.1093/mnras/stv2484},
   adsurl = {http://adsabs.harvard.edu/abs/2016MNRAS.455.2778F},
  adsnote = {Provided by the SAO/NASA Astrophysics Data System}
}


@ARTICLE{Planck_2015,
   author = {{Planck Collaboration} and {Ade}, P.~A.~R. and {Aghanim}, N. and
	{Arnaud}, M. and {Ashdown}, M. and {Aumont}, J. and {Baccigalupi}, C. and
	{Banday}, A.~J. and {Barreiro}, R.~B. and {Bartlett}, J.~G. and et al.},
    title = "{Planck 2015 results. XIII. Cosmological parameters}",
  journal = {\aap},
archivePrefix = "arXiv",
   eprint = {1502.01589},
 keywords = {cosmology: observations, cosmology: theory, cosmic background radiation, cosmological parameters},
     year = 2016,
    month = sep,
   volume = 594,
      eid = {A13},
    pages = {A13},
      doi = {10.1051/0004-6361/201525830},
   adsurl = {http://adsabs.harvard.edu/abs/2016A%26A...594A..13P},
  adsnote = {Provided by the SAO/NASA Astrophysics Data System}
}


@ARTICLE{Banerjee_2016,
   author = {{Banerjee}, A. and {Dalal}, N.},
    title = "{Simulating nonlinear cosmological structure formation with massive neutrinos}",
  journal = {\jcap},
archivePrefix = "arXiv",
   eprint = {1606.06167},
     year = 2016,
    month = nov,
   volume = 11,
      eid = {015},
    pages = {015},
      doi = {10.1088/1475-7516/2016/11/015},
   adsurl = {http://adsabs.harvard.edu/abs/2016JCAP...11..015B},
  adsnote = {Provided by the SAO/NASA Astrophysics Data System}
}


@ARTICLE{Inman_2015,
   author = {{Inman}, D. and {Emberson}, J.~D. and {Pen}, U.-L. and {Farchi}, A. and
	{Yu}, H.-R. and {Harnois-D{\'e}raps}, J.},
    title = "{Precision reconstruction of the cold dark matter-neutrino relative velocity from N -body simulations}",
  journal = {\prd},
archivePrefix = "arXiv",
   eprint = {1503.07480},
 keywords = {Superclusters, large-scale structure of the Universe, Neutrino mass and mixing},
     year = 2015,
    month = jul,
   volume = 92,
   number = 2,
      eid = {023502},
    pages = {023502},
      doi = {10.1103/PhysRevD.92.023502},
   adsurl = {http://adsabs.harvard.edu/abs/2015PhRvD..92b3502I},
  adsnote = {Provided by the SAO/NASA Astrophysics Data System}
}

@ARTICLE{Inman_2017,
   author = {{Inman}, D. and {Yu}, H.-R. and {Zhu}, H.-M. and {Emberson}, J.~D. and
	{Pen}, U.-L. and {Zhang}, T.-J. and {Yuan}, S. and {Chen}, X. and
	{Xing}, Z.-Z.},
    title = "{Simulating the cold dark matter-neutrino dipole with TianNu}",
  journal = {\prd},
     year = 2017,
    month = apr,
   volume = 95,
   number = 8,
      eid = {083518},
    pages = {083518},
      doi = {10.1103/PhysRevD.95.083518},
   adsurl = {http://adsabs.harvard.edu/abs/2017PhRvD..95h3518I},
  adsnote = {Provided by the SAO/NASA Astrophysics Data System}
}


@ARTICLE{FVN_2017,
   author = {{Villaescusa-Navarro}, F. and {Banerjee}, A. and {Dalal}, N. and
	{Castorina}, E. and {Scoccimarro}, R. and {Angulo}, R. and {Spergel}, D.~N.
	},
    title = "{The imprint of neutrinos on clustering in redshift-space}",
  journal = {ArXiv e-prints},
archivePrefix = "arXiv",
   eprint = {1708.01154},
 keywords = {Astrophysics - Cosmology and Nongalactic Astrophysics},
     year = 2017,
    month = aug,
   adsurl = {http://adsabs.harvard.edu/abs/2017arXiv170801154V},
  adsnote = {Provided by the SAO/NASA Astrophysics Data System}
}


@ARTICLE{McCarthy_2017,
   author = {{McCarthy}, I.~G. and {Schaye}, J. and {Bird}, S. and {Le Brun}, A.~M.~C.
	},
    title = "{The BAHAMAS project: calibrated hydrodynamical simulations for large-scale structure cosmology}",
  journal = {\mnras},
archivePrefix = "arXiv",
   eprint = {1603.02702},
 keywords = {galaxies: clusters: general, galaxies: haloes, cosmology: theory, large-scale structure of Universe},
     year = 2017,
    month = mar,
   volume = 465,
    pages = {2936-2965},
      doi = {10.1093/mnras/stw2792},
   adsurl = {http://adsabs.harvard.edu/abs/2017MNRAS.465.2936M},
  adsnote = {Provided by the SAO/NASA Astrophysics Data System}
}


@ARTICLE{Ptolemy,
   author = {{Betts}, S. and {Blanchard}, W.~R. and {Carnevale}, R.~H. and
	{Chang}, C. and {Chen}, C. and {Chidzik}, S. and {Ciebiera}, L. and
	{Cloessner}, P. and {Cocco}, A. and {Cohen}, A. and {Dong}, J. and
	{Klemmer}, R. and {Komor}, M. and {Gentile}, C. and {Harrop}, B. and
	{Hopkins}, A. and {Jarosik}, N. and {Mangano}, G. and {Messina}, M. and
	{Osherson}, B. and {Raitses}, Y. and {Sands}, W. and {Schaefer}, M. and
	{Taylor}, J. and {Tully}, C.~G. and {Woolley}, R. and {Zwicker}, A.
	},
    title = "{Development of a Relic Neutrino Detection Experiment at PTOLEMY: Princeton Tritium Observatory for Light, Early-Universe, Massive-Neutrino Yield}",
  journal = {ArXiv e-prints},
archivePrefix = "arXiv",
   eprint = {1307.4738},
 primaryClass = "astro-ph.IM",
 keywords = {Astrophysics - Instrumentation and Methods for Astrophysics, Physics - Instrumentation and Detectors},
     year = 2013,
    month = jul,
   adsurl = {http://adsabs.harvard.edu/abs/2013arXiv1307.4738B},
  adsnote = {Provided by the SAO/NASA Astrophysics Data System}
}



@ARTICLE{FVN_2013,
   author = {{Villaescusa-Navarro}, F. and {Bird}, S. and {Pe{\~n}a-Garay}, C. and
	{Viel}, M.},
    title = "{Non-linear evolution of the cosmic neutrino background}",
  journal = {\jcap},
archivePrefix = "arXiv",
   eprint = {1212.4855},
     year = 2013,
    month = mar,
   volume = 3,
      eid = {019},
    pages = {019},
      doi = {10.1088/1475-7516/2013/03/019},
   adsurl = {http://adsabs.harvard.edu/abs/2013JCAP...03..019V},
  adsnote = {Provided by the SAO/NASA Astrophysics Data System}
}


@ARTICLE{Massara_2015,
   author = {{Massara}, E. and {Villaescusa-Navarro}, F. and {Viel}, M. and
	{Sutter}, P.~M.},
    title = "{Voids in massive neutrino cosmologies}",
  journal = {\jcap},
archivePrefix = "arXiv",
   eprint = {1506.03088},
     year = 2015,
    month = nov,
   volume = 11,
      eid = {018},
    pages = {018},
      doi = {10.1088/1475-7516/2015/11/018},
   adsurl = {http://adsabs.harvard.edu/abs/2015JCAP...11..018M},
  adsnote = {Provided by the SAO/NASA Astrophysics Data System}
}


@ARTICLE{FVN_2014,
   author = {{Villaescusa-Navarro}, F. and {Marulli}, F. and {Viel}, M. and
	{Branchini}, E. and {Castorina}, E. and {Sefusatti}, E. and
	{Saito}, S.},
    title = "{Cosmology with massive neutrinos I: towards a realistic modeling of the relation between matter, haloes and galaxies}",
  journal = {\jcap},
archivePrefix = "arXiv",
   eprint = {1311.0866},
     year = 2014,
    month = mar,
   volume = 3,
      eid = {011},
    pages = {011},
      doi = {10.1088/1475-7516/2014/03/011},
   adsurl = {http://adsabs.harvard.edu/abs/2014JCAP...03..011V},
  adsnote = {Provided by the SAO/NASA Astrophysics Data System}
}

@ARTICLE{Castorina_2014,
   author = {{Castorina}, E. and {Sefusatti}, E. and {Sheth}, R.~K. and {Villaescusa-Navarro}, F. and
	{Viel}, M.},
    title = "{Cosmology with massive neutrinos II: on the universality of the halo mass function and bias}",
  journal = {\jcap},
archivePrefix = "arXiv",
   eprint = {1311.1212},
 primaryClass = "astro-ph.CO",
     year = 2014,
    month = feb,
   volume = 2,
      eid = {049},
    pages = {049},
      doi = {10.1088/1475-7516/2014/02/049},
   adsurl = {http://adsabs.harvard.edu/abs/2014JCAP...02..049C},
  adsnote = {Provided by the SAO/NASA Astrophysics Data System}
}


@ARTICLE{Costanzi_2013,
   author = {{Costanzi}, M. and {Villaescusa-Navarro}, F. and {Viel}, M. and
	{Xia}, J.-Q. and {Borgani}, S. and {Castorina}, E. and {Sefusatti}, E.
	},
    title = "{Cosmology with massive neutrinos III: the halo mass function and an application to galaxy clusters}",
  journal = {\jcap},
archivePrefix = "arXiv",
   eprint = {1311.1514},
 primaryClass = "astro-ph.CO",
     year = 2013,
    month = dec,
   volume = 12,
      eid = {012},
    pages = {012},
      doi = {10.1088/1475-7516/2013/12/012},
   adsurl = {http://adsabs.harvard.edu/abs/2013JCAP...12..012C},
  adsnote = {Provided by the SAO/NASA Astrophysics Data System}
}


@ARTICLE{Furhrer_2015,
   author = {{F{\"u}hrer}, F. and {Wong}, Y.~Y.~Y.},
    title = "{Higher-order massive neutrino perturbations in large-scale structure}",
  journal = {\jcap},
archivePrefix = "arXiv",
   eprint = {1412.2764},
     year = 2015,
    month = mar,
   volume = 3,
      eid = {046},
    pages = {046},
      doi = {10.1088/1475-7516/2015/03/046},
   adsurl = {http://adsabs.harvard.edu/abs/2015JCAP...03..046F},
  adsnote = {Provided by the SAO/NASA Astrophysics Data System}
}


@ARTICLE{Lawrence_2017,
   author = {{Lawrence}, E. and {Heitmann}, K. and {Kwan}, J. and {Upadhye}, A. and
	{Bingham}, D. and {Habib}, S. and {Higdon}, D. and {Pope}, A. and
	{Finkel}, H. and {Frontiere}, N.},
    title = "{The Mira-Titan Universe. II. Matter Power Spectrum Emulation}",
  journal = {\apj},
archivePrefix = "arXiv",
   eprint = {1705.03388},
 keywords = {dark energy, large-scale structure of universe },
     year = 2017,
    month = sep,
   volume = 847,
      eid = {50},
    pages = {50},
      doi = {10.3847/1538-4357/aa86a9},
   adsurl = {http://adsabs.harvard.edu/abs/2017ApJ...847...50L},
  adsnote = {Provided by the SAO/NASA Astrophysics Data System}
}


@ARTICLE{Castorina_2015,
   author = {{Castorina}, E. and {Carbone}, C. and {Bel}, J. and {Sefusatti}, E. and
	{Dolag}, K.},
    title = "{DEMNUni: the clustering of large-scale structures in the presence of massive neutrinos}",
  journal = {\jcap},
archivePrefix = "arXiv",
   eprint = {1505.07148},
     year = 2015,
    month = jul,
   volume = 7,
      eid = {043},
    pages = {043},
      doi = {10.1088/1475-7516/2015/07/043},
   adsurl = {http://adsabs.harvard.edu/abs/2015JCAP...07..043C},
  adsnote = {Provided by the SAO/NASA Astrophysics Data System}
}


@ARTICLE{Carbone_2016,
   author = {{Carbone}, C. and {Petkova}, M. and {Dolag}, K.},
    title = "{DEMNUni: ISW, Rees-Sciama, and weak-lensing in the presence of massive neutrinos}",
  journal = {\jcap},
archivePrefix = "arXiv",
   eprint = {1605.02024},
     year = 2016,
    month = jul,
   volume = 7,
      eid = {034},
    pages = {034},
      doi = {10.1088/1475-7516/2016/07/034},
   adsurl = {http://adsabs.harvard.edu/abs/2016JCAP...07..034C},
  adsnote = {Provided by the SAO/NASA Astrophysics Data System}
}


@ARTICLE{Calabrese_2017,
   author = {{Calabrese}, E. and {Hlo{\v z}ek}, R.~A. and {Bond}, J.~R. and
	{Devlin}, M.~J. and {Dunkley}, J. and {Halpern}, M. and {Hincks}, A.~D. and
	{Irwin}, K.~D. and {Kosowsky}, A. and {Moodley}, K. and {Newburgh}, L.~B. and
	{Niemack}, M.~D. and {Page}, L.~A. and {Sherwin}, B.~D. and
	{Sievers}, J.~L. and {Spergel}, D.~N. and {Staggs}, S.~T. and
	{Wollack}, E.~J.},
    title = "{Cosmological parameters from pre-Planck CMB measurements: A 2017 update}",
  journal = {\prd},
archivePrefix = "arXiv",
   eprint = {1702.03272},
     year = 2017,
    month = mar,
   volume = 95,
   number = 6,
      eid = {063525},
    pages = {063525},
      doi = {10.1103/PhysRevD.95.063525},
   adsurl = {http://adsabs.harvard.edu/abs/2017PhRvD..95f3525C},
  adsnote = {Provided by the SAO/NASA Astrophysics Data System}
}


@ARTICLE{Lesgourgues_2014,
   author = {{Lesgourgues}, J. and {Pastor}, S.},
    title = "{Neutrino cosmology and Planck}",
  journal = {New Journal of Physics},
archivePrefix = "arXiv",
   eprint = {1404.1740},
 primaryClass = "hep-ph",
     year = 2014,
    month = jun,
   volume = 16,
   number = 6,
      eid = {065002},
    pages = {065002},
      doi = {10.1088/1367-2630/16/6/065002},
   adsurl = {http://adsabs.harvard.edu/abs/2014NJPh...16f5002L},
  adsnote = {Provided by the SAO/NASA Astrophysics Data System}
}


@ARTICLE{Wong_2011,
   author = {{Wong}, Y.~Y.~Y.},
    title = "{Neutrino Mass in Cosmology: Status and Prospects}",
  journal = {Annual Review of Nuclear and Particle Science},
archivePrefix = "arXiv",
   eprint = {1111.1436},
     year = 2011,
    month = nov,
   volume = 61,
    pages = {69-98},
      doi = {10.1146/annurev-nucl-102010-130252},
   adsurl = {http://adsabs.harvard.edu/abs/2011ARNPS..61...69W},
  adsnote = {Provided by the SAO/NASA Astrophysics Data System}
}


